<record xmlns='http://www.loc.gov/MARC21/slim'><leader>01642cgm a2200433 a 4500</leader><controlfield tag='001'>2800646</controlfield><controlfield tag='005'>20151210222514.0</controlfield><controlfield tag='007'>vf|cbahos</controlfield><controlfield tag='008'>960510s1988    xx 045 e          vleng d</controlfield><datafield ind1=' ' ind2=' ' tag='035'><subfield code='a'>(CStRLIN)NYCXANU8361F</subfield></datafield><datafield ind1=' ' ind2=' ' tag='035'><subfield code='a'>(NIC)notisANU8361</subfield></datafield><datafield ind1=' ' ind2=' ' tag='035'><subfield code='a'>(OCoLC)64042224</subfield></datafield><datafield ind1=' ' ind2=' ' tag='035'><subfield code='a'>2800646</subfield></datafield><datafield ind1=' ' ind2=' ' tag='040'><subfield code='a'>NIC</subfield><subfield code='c'>NIC</subfield></datafield><datafield ind1='0' ind2='0' tag='245'><subfield code='a'>Mandela day</subfield><subfield code='h'>[videorecording] :</subfield><subfield code='b'>a tribute to Nelson Mandela /</subfield><subfield code='c'>[Cornell University].</subfield></datafield><datafield ind1=' ' ind2=' ' tag='260'><subfield code='c'>1988.</subfield></datafield><datafield ind1=' ' ind2=' ' tag='300'><subfield code='a'>1 videocassette (45 min.) :</subfield><subfield code='b'>sd., col.,</subfield><subfield code='c'>1/2 in.</subfield></datafield><datafield ind1=' ' ind2=' ' tag='538'><subfield code='a'>VHS.</subfield></datafield><datafield ind1='0' ind2=' ' tag='511'><subfield code='a'>Speakers: Wole Soyinka, Sue Mnumchana, Don Barr, Nana Gyamfi.</subfield></datafield><datafield ind1=' ' ind2=' ' tag='500'><subfield code='a'>Title from videocassette label.</subfield></datafield><datafield ind1=' ' ind2=' ' tag='518'><subfield code='a'>Videotaped at Cornell University in October 7, 1988.</subfield></datafield><datafield ind1=' ' ind2=' ' tag='520'><subfield code='a'>Mandela day was tributed for Nelson Mandela at Cornell campus. Four speakers talked about the Apartheid and Mandela&apos;s life and struggle.</subfield></datafield><datafield ind1='1' ind2='0' tag='600'><subfield code='a'>Mandela, Nelson,</subfield><subfield code='d'>1918-2013.</subfield></datafield><datafield ind1=' ' ind2='0' tag='650'><subfield code='a'>Apartheid</subfield><subfield code='z'>South Africa</subfield><subfield code='x'>History</subfield><subfield code='y'>20th century.</subfield></datafield><datafield ind1=' ' ind2='0' tag='651'><subfield code='a'>South Africa</subfield><subfield code='x'>Politics and government</subfield><subfield code='y'>1994-</subfield></datafield><datafield ind1='1' ind2='7' tag='600'><subfield code='a'>Mandela, Nelson,</subfield><subfield code='d'>1918-2013</subfield><subfield code='2'>fast</subfield><subfield code='0'>(OCoLC)fst01899655</subfield></datafield><datafield ind1=' ' ind2='7' tag='648'><subfield code='a'>Since 1900</subfield><subfield code='2'>fast</subfield></datafield><datafield ind1=' ' ind2='7' tag='650'><subfield code='a'>Apartheid</subfield><subfield code='2'>fast</subfield><subfield code='0'>(OCoLC)fst00811112</subfield></datafield><datafield ind1=' ' ind2='7' tag='650'><subfield code='a'>Political science</subfield><subfield code='2'>fast</subfield><subfield code='0'>(OCoLC)fst01069781</subfield></datafield><datafield ind1=' ' ind2='7' tag='651'><subfield code='a'>South Africa</subfield><subfield code='2'>fast</subfield><subfield code='0'>(OCoLC)fst01204616</subfield></datafield><datafield ind1=' ' ind2='7' tag='655'><subfield code='a'>History</subfield><subfield code='2'>fast</subfield><subfield code='0'>(OCoLC)fst01411628</subfield></datafield><datafield ind1='1' ind2=' ' tag='700'><subfield code='a'>Soyinka, Wole.</subfield></datafield><datafield ind1='1' ind2=' ' tag='700'><subfield code='a'>Mnumchana, Sue.</subfield></datafield><datafield ind1='1' ind2=' ' tag='700'><subfield code='a'>Barr, Donald R.,</subfield><subfield code='d'>1938-</subfield></datafield><datafield ind1='1' ind2=' ' tag='700'><subfield code='a'>Gyamfi, Nana.</subfield></datafield><datafield ind1='2' ind2=' ' tag='710'><subfield code='a'>Cornell University.</subfield></datafield><datafield ind1=' ' ind2=' ' tag='905'><subfield code='a'>19991203120000.0</subfield></datafield><datafield ind1='2' ind2=' ' tag='948'><subfield code='a'>20040623</subfield><subfield code='b'>a</subfield><subfield code='d'>pl233</subfield><subfield code='e'>lts</subfield></datafield><datafield ind1='2' ind2=' ' tag='948'><subfield code='a'>20141211</subfield><subfield code='b'>m</subfield><subfield code='d'>batch</subfield><subfield code='e'>lts</subfield><subfield code='x'>addfast</subfield></datafield></record>